@article{hudak_building_1996,
author = {Hudak, Paul},
title = {Building domain-specific embedded languages},
year = {1996},
issue_date = {Dec. 1996},
publisher = {Association for Computing Machinery},
address = {New York, NY, USA},
volume = {28},
number = {4es},
issn = {0360-0300},
url = {https://doi.org/10.1145/242224.242477},
doi = {10.1145/242224.242477},
journal = {ACM Comput. Surv.},
month = {dec},
pages = {196--es}
}
