@inproceedings{willis-design-2022,
  series = {Scala '22},
  title = {Design patterns for parser combinators in scala},
  url = {http://dx.doi.org/10.1145/3550198.3550427},
  DOI = {10.1145/3550198.3550427},
  booktitle = {Proceedings of the Scala Symposium},
  publisher = {ACM},
  author = {Willis,  Jamie and Wu,  Nicolas},
  year = {2022},
  month = jun,
  collection = {Scala '22}
}