@article{baqais-lit-review-2019,
  title     = {Automatic software refactoring: a systematic literature review},
  volume    = {28},
  issn      = {1573-1367},
  url       = {http://dx.doi.org/10.1007/s11219-019-09477-y},
  doi       = {10.1007/s11219-019-09477-y},
  number    = {2},
  journal   = {Software Quality Journal},
  publisher = {Springer Science and Business Media LLC},
  author    = {Baqais,  Abdulrahman Ahmed Bobakr and Alshayeb,  Mohammad},
  year      = {2019},
  month     = dec,
  pages     = {459-502}
}

@inproceedings{kurbatova_intellij_2021,
  author    = {Kurbatova, Zarina and Golubev, Yaroslav and Kovalenko, Vladimir and Bryksin, Timofey},
  booktitle = {2021 36th IEEE/ACM International Conference on Automated Software Engineering Workshops (ASEW)},
  title     = {The IntelliJ Platform: A Framework for Building Plugins and Mining Software Data},
  year      = {2021},
  volume    = {},
  number    = {},
  pages     = {14-17},
  url       = {https://doi.org/10.1109/asew52652.2021.00016},
  doi       = {10.1109/asew52652.2021.00016}
}

@misc{xunit_xunitanalyzers_2024,
  author   = {xUnit.net},
  title    = {xUnit.net Analyzers package},
  url      = {https://github.com/xunit/xunit.analyzers},
  abstract = {Roslyn analyzers for xUnit.net},
  urldate  = {2024-01-22}
}

@inproceedings{renggli_domain-specific_2010,
  address   = {Berlin, Heidelberg},
  series    = {Lecture {Notes} in {Computer} {Science}},
  title     = {Domain-{Specific} {Program} {Checking}},
  isbn      = {978-3-642-13953-6},
  doi       = {10.1007/978-3-642-13953-6_12},
  url       = {https://doi.org/10.1007/978-3-642-13953-6_12},
  language  = {en},
  booktitle = {TOOLS'10: Proceedings of the 48th International Conference on Objects, {Models}, {Components}, {Patterns}},
  volume    = {6141},
  publisher = {Springer},
  author    = {Renggli, Lukas and Ducasse, Stéphane and Gîrba, Tudor and Nierstrasz, Oscar},
  editor    = {Vitek, Jan},
  year      = {2010},
  pages     = {213--232}
}

@article{gregor_stllint_2006,
author = {Gregor, Douglas and Schupp, Sibylle},
title = {STLlint: lifting static checking from languages to libraries},
journal = {Software: Practice and Experience},
volume = {36},
number = {3},
pages = {225-254},
doi = {10.1002/spe.683},
url = {https://doi.org/10.1002/spe.683},
year = {2006}
}
